@article{cdt,
author = "Contractor Danish and Tanveer A. Faruquie and L. Venkata Subramaniam",
title = "Unsupervised cleansing of noisy text.",
journal = picc,
year = {2010},
url = {www.aclweb.org/anthology/C10-202},
}

@article{kmjk,
author = "Kaufmann Max and Jugal Kalita",
title = "Syntactic normalization of twitter messages.",
journal = icnl,
year = {2010},
url = {http://cs.uccs.edu/~jkalita/work/reu/REUFinalPapers2010/Kaufmann.pdf},
}

@article{gmctw14,
author = "Gouws, Stephan and Metzler, Donald and Cai, Congxing and Hovy, Eduard",
title = "Contextual Bearing on Linguistic Variation in Social Media",
journal = itkd,
 booktitle = {Proceedings of the Workshop on Languages in Social Media},
 series = {LSM '11},
 year = {2011},
 isbn = {978-1-932432-96-1},
 location = {Portland, Oregon},
 pages = {20--29},
 numpages = {10},
 url = {http://dl.acm.org/citation.cfm?id=2021109.2021113},
 acmid = {2021113},
 publisher = {Association for Computational Linguistics},
 address = {Stroudsburg, PA, USA},
}

@article{lnt15b,
author = "Bilal Ahmed",
title = "Lexical Normalisation of Twitter Data",
journal = sic,
 booktitle = {Proceedings of the Workshop on Languages in Social Media},
 series = {IEEE},
 year = {2015},
 url = {https://arxiv.org/pdf/1409.4614v4.pdf},
}

@article{pn15,
author = "Peter Norvig",
title = "How to Write a Spelling Corrector",
url = {http://norvig.com/spellcorrect.html},
}

@article{bhtb,
author = "Bo Han and Timothy Baldwin",
title = "Lexical normalisation of short text messages: Makn sens a{\#} twitter.",
journal = amac,
 booktitle = {Proceedings of the Workshop on Languages in Social Media},
 year = {2011},
 url = {http://www.aclweb.org/old_anthology/P/P11/P11-1038.pdf},
 pages = {368-378},
}

@article{elsb,
author = "Edward Loper and Steven Bird",
title = "NLTK: The Natural Language Toolkit",
journal = CoRR,
year = {2002},
url = {http://arxiv.org/abs/cs.CL/0205028},
}

