@string{ itkd = "Proceedings of the Workshop on Languages in Social Media"}
@string{ sic = "Science and Information Conference (SAI)"}
@string{ amac = "49th Annual Meeting of the Association for Computational Linguistics" }
@string{ icnl = "International conference on natural language processing" }
@string{ CoRR = "Proceedings of the COLING/ACL on Interactive presentation sessions"}
@string{ picc = "Proceedings of the 23rd International Conference on Computational Linguistics: Posters. Association for Computational Linguistics"}